@misc{wikipedia:headerchecksum,
      author = "Anonymous",
      title = "{IPv4} header checksum",
      month = "April",
      year = "2019",
      howpublished = "\url{https://en.wikipedia.org/wiki/IPv4_header_checksum}"
}
@misc{stackoverflow:sendicmprequest,
      author =  "Joe",
      title = "send icmp echo request",
      month = "July",
      year = "2014",
      howpublished = "\url{https://stackoverflow.com/questions/24575524/send-icmp-echo-request}"
}
@misc{stackoverflow:rawwockets,
      author =  "brice",
      title = "Python raw sockets",
      month = "June",
      year = "2011",
      howpublished = "\url{https://stackoverflow.com/questions/1117958/how-do-i-use-raw-socket-in-python}"
}
@misc{python:socket,
      author =  "Python Core Developers",
      title = "Socket module documentation",
      month = "April",
      year = "2019",
      howpublished = "\url{https://docs.python.org/3/library/socket.html}"
}
@misc{python:defaultdict,
      author =  "Python Core Developers",
      title = "defaultdict documentation",
      month = "April",
      year = "2019",
      howpublished = "\url{https://docs.python.org/3/library/collections.html?highlight=collection#collections.defaultdict}"
}
@misc{python:builtins,
      author =  "Python Core Developers",
      title = "builtin data structures documentation",
      month = "April",
      year = "2019",
      howpublished = "\url{https://docs.python.org/3/tutorial/datastructures.html#data-structures}"
}
@misc{python:typing,
      author =  "Python Core Developers",
      title = "type hinting documentation",
      month = "April",
      year = "2019",
      howpublished = "\url{https://docs.python.org/3/library/typing.html?highlight=typing#module-typing}"
}
@misc{python:argparse,
      author =  "Python Core Developers",
      title = "command line argument parsing documentation",
      month = "April",
      year = "2019",
      howpublished = "\url{https://docs.python.org/3/library/argparse.html?highlight=typing}"
}
@misc{python:stderr,
      author =  "Python Core Developers",
      title = "stderr documentation",
      month = "April",
      year = "2019",
      howpublished = "\url{https://docs.python.org/3/library/sys.html?highlight=stderr#sys.stderr}"
}
@misc{python:multiprocessing,
      author =  "Python Core Developers",
      title = "multiprocessing documentation",
      month = "April",
      year = "2019",
      howpublished = "\url{https://docs.python.org/3/library/multiprocessing.html}"
}
@misc{python:struct,
      author =  "Python Core Developers",
      title = "struct documentation",
      month = "April",
      year = "2019",
      howpublished = "\url{https://docs.python.org/3/library/struct.html}"
}
@misc{python:operator,
      author =  "Python Core Developers",
      title = "operator documentation",
      month = "April",
      year = "2019",
      howpublished = "\url{https://docs.python.org/3/library/operator.html}"
}
@misc{nmap:portscanning,
      author =  "Gordon 'Fyodor' Lyon",
      title = "port scanning techniques",
      month = "January",
      year = "2001",
      howpublished = "\url{https://nmap.org/book/man-port-scanning-techniques.html}"
}
@misc{nmap:versiondetection,
      author =  "Gordon 'Fyodor' Lyon",
      title = "service and version detection techniques",
      month = "January",
      year = "2001",
      howpublished = "\url{https://nmap.org/book/man-version-detection.html}"
}
@misc{nmap:versiondetectiondescription,
      author =  "Gordon 'Fyodor' Lyon",
      title = "service and version detection techniques described",
      month = "January",
      year = "2001",
      howpublished = "\url{https://nmap.org/book/vscan-technique.html}"
}
@misc{nmap:versiondetectionfileformat,
      author =  "Gordon 'Fyodor' Lyon",
      title = "service and version detection file format",
      month = "January",
      year = "2001",
      howpublished = "\url{https://nmap.org/book/vscan-fileformat.html}"
}
@misc{rfc:ip,
      author =  "Information Sciences Institute University of Southern California",
      title = "{I}nternet {P}rotocol",
      month = "September",
      year = "1981",
      howpublished = "\url{https://tools.ietf.org/html/rfc791}"
}
@misc{rfc:tcp,
      author =  "Information Sciences Institute University of Southern California",
      title = "{Transmission Control Protocol}",
      month = "September",
      year = "1981",
      howpublished = "\url{https://tools.ietf.org/html/rfc793}"
}
@misc{rfc:udp,
      author =  "J. Postel ISI",
      title = "{User Datagram Protocol}",
      month = "August",
      year = "1980",
      howpublished = "\url{https://www.ietf.org/rfc/rfc768.txt}"
}
@misc{rfc:icmp,
      author =  "J. Postel ISI",
      title = "{Internet Control Message Protocol}",
      month = "September",
      year = "1981",
      howpublished = "\url{https://tools.ietf.org/html/rfc792}"
}
@misc{man:tcp,
      author =  "Linux Developers",
      title = "{TCP Man page}",
      month = "March",
      year = "2019",
      howpublished = "\url{https://linux.die.net/man/7/tcp}"
}
@misc{man:ip,
      author =  "Linux Developers",
      title = "{IP Man page}",
      month = "March",
      year = "2019",
      howpublished = "\url{https://linux.die.net/man/7/ip}"
}
@misc{man:udp,
      author =  "Linux Developers",
      title = "{UDP Man page}",
      month = "March",
      year = "2019",
      howpublished = "\url{https://linux.die.net/man/7/udp}"
}
@misc{man:icmp,
      author =  "Linux Developers",
      title = "{ICMP Man page}",
      month = "March",
      year = "2019",
      howpublished = "\url{https://linux.die.net/man/7/icmp}"
}
